%%% Bibliograf\'{\i}a
%
@Book{FreitagForms,
 Author = {Freitag, Eberhard},
 Title = {{Hilbert Modular Forms}},
 ISBN = {3-540-50586-5},
 Pages = {viii + 250},
 Year = {1990},
 Publisher = {Berlin etc.: Springer-Verlag},
 Language = {English},
 MSC2010 = {11F41 11F75 11-02},
 Zbl = {0702.11029}
}

@Book{vanDerGeerSurfaces,
 Author = {van der Geer, Gerard},
 Title = {{Hilbert Modular Surfaces}},
 FJournal = {{Ergebnisse der Mathematik und ihrer Grenzgebiete. 3. Folge}},
 Journal = {{Ergeb. Math. Grenzgeb., 3. Folge}},
 ISSN = {0071-1136; 2197-5655/e},
 Volume = {16},
 ISBN = {3-540-17601-2},
 Pages = {ix + 291},
 Year = {1988},
 Publisher = {Berlin etc.: Springer-Verlag},
 Language = {English},
 MSC2010 = {11F41 14J20 14G35 14-02 11-02 14E15},
 Zbl = {0634.14022}
}

@Book{MiyakeModular,
 Author = {Miyake, Toshitsune},
 Title = {Modular Forms},
 translator = {Maeda, Joshitaku},
 ISBN = {3-540-50268-8},
 Pages = {viii + 335},
 Year = {1989},
 Publisher = {Berlin etc.: Springer-Verlag},
 Language = {English},
 MSC2010 = {11Fxx 11-01 11-02 11F11 11F12 11F20 11F06 11F27 11F30 11F66},
 Zbl = {0701.11014}
}

@Book{HidaElementary,
 Author = {Hida, Haruzo},
 Title = {Elementary Theory of \(L\)-functions and Eisenstein Series},
 FJournal = {{London Mathematical Society Student Texts}},
 Journal = {{Lond. Math. Soc. Stud. Texts}},
 ISSN = {0963-1631},
 Volume = {26},
 ISBN = {0-521-43411-4/hbk},
 Pages = {ix + 386},
 Year = {1993},
 Publisher = {Cambridge: Cambridge University Press},
 Language = {English},
 MSC2010 = {11Fxx 11-02 11R42 11F67 11F70 11F33 11F75 11F80 11F85 11M35 11M41 11M38},
 Zbl = {0942.11024}
}

@Article{ShemanskeWalling,
 Author = {Shemanske, Thomas R. and Walling, Lynne H.},
 Title = {Twists of Hilbert Modular Forms},
 FJournal = {{Transactions of the American Mathematical Society}},
 Journal = {{Trans. Am. Math. Soc.}},
 ISSN = {0002-9947; 1088-6850/e},
 Volume = {338},
 Number = {1},
 Pages = {375--403},
 Year = {1993},
 Publisher = {American Mathematical Society (AMS), Providence, RI},
 Language = {English},
 MSC2010 = {11F41 11F66 11F70},
 Zbl = {0785.11029}
}

@Book{MacLaneHomology,
 Author = {Mac Lane, Saunders},
 Title = {Homology},
 FJournal = {{Classics in Mathematics}},
 Journal = {{Class. Math.}},
 ISSN = {1431-0821},
 Edition = {Reprint of the 3rd corr. print. 1975},
 ISBN = {3-540-58662-8},
 Pages = {x + 422},
 Year = {1995},
 Publisher = {Berlin: Springer-Verlag},
 Language = {English},
 MSC2010 = {18-02 18Gxx 18-01 18Exx},
 Zbl = {0818.18001}
}

@InCollection{DiamondImModularModular,
 Author = {Diamond, Fred and Im, John},
 Title = {Modular Forms and Modular Curves},
 BookTitle = {{Seminar on Fermat's last theorem. The Fields Institute for Research in Mathematical Sciences, 1993-1994, Toronto, Ontario, Canada. Proceedings}},
 ISBN = {0-8218-0313-1/pbk},
 Pages = {39--133},
 Year = {1995},
 Publisher = {Providence, RI: American Mathematical Society (publ. for the Canadian Mathematical Society)},
 Language = {English},
 MSC2010 = {11F11 11G18 11F33 14G35 11F70},
 Zbl = {0853.11032}
}

@Book{Bump,
 Author = {Bump, Daniel},
 Title = {Automorphic Forms and Representations},
 FJournal = {{Cambridge Studies in Advanced Mathematics}},
 Journal = {{Camb. Stud. Adv. Math.}},
 Volume = {55},
 ISBN = {0-521-55098-X/hbk},
 Pages = {xiv + 574},
 Year = {1997},
 Publisher = {Cambridge: Cambridge University Press},
 Language = {English},
 MSC2010 = {11Fxx 11-01 22-01 11F70 22E50 22E55 11S37 11F72 11F11 11F12 11R39 22E45 11R37 11R42 11F25 11F27 11F66},
 Zbl = {0868.11022}
}

@Book{HidaGaloisCohomology,
 Author = {Hida, Haruzo},
 Title = {Modular Forms and Galois Cohomology},
 FJournal = {{Cambridge Studies in Advanced Mathematics}},
 Journal = {{Camb. Stud. Adv. Math.}},
 Volume = {69},
 ISBN = {0-521-77036-X/hbk},
 Pages = {x + 343},
 Year = {2000},
 Publisher = {Cambridge: Cambridge University Press},
 Language = {English},
 MSC2010 = {11F75 11-02 11F33 11F11 11F80},
 Zbl = {0952.11014}
}

@InCollection{KohelHeckeQuaternions,
 Author = {Kohel, David R.},
 Title = {Hecke Module Structure of Quaternions},
 BookTitle = {Class Field Theory -- {Its} Centenary and Prospect. Proceedings of the 7th MSJ International Research Institute of the Mathematical Society of Japan, Tokyo, Japan, June 3--12, 1998},
 ISBN = {4-931469-11-6/hbk},
 Pages = {177--195},
 Year = {2001},
 Publisher = {Tokyo: Mathematical Society of Japan},
 Language = {English},
 MSC2010 = {11G18},
 Zbl = {1040.11044}
}

@Book{Reiner,
 Author = {Reiner, I.},
 Title = {Maximal Orders},
 FJournal = {{London Mathematical Society Monographs. New Series}},
 Journal = {{Lond. Math. Soc. Monogr., New Ser.}},
 Volume = {28},
 Edition = {Reprint of the 1975 original},
 ISBN = {0-19-852673-3/hbk},
 Pages = {xiv + 395},
 Year = {2003},
 Publisher = {Oxford: Oxford University Press},
 Language = {English},
 MSC2010 = {16H05 16-02 16U30 16K20 16P50 11R52 16G30 11S45 14F22 01A75},
 Zbl = {1024.16008}
}

@Book{DiamondShurman,
 Author = {Diamond, Fred and Shurman, Jerry},
 Title = {A First Course in Modular Forms},
 FJournal = {{Graduate Texts in Mathematics}},
 Journal = {{Grad. Texts Math.}},
 ISSN = {0072-5285; 2197-5612/e},
 Volume = {228},
 ISBN = {0-387-23229-X/hbk},
 Pages = {xv + 436},
 Year = {2005},
 Publisher = {Berlin: Springer},
 Language = {English},
 MSC2010 = {11F11 11-01 11F25 11F80 11G18 11G40 11D41},
 Zbl = {1062.11022}
}

@Article{ShimuraSurLesIntegrales,
 Author = {Shimura, Goro},
 Title = {{Sur les int\'egrales attach\'ees aux formes automorphes}},
 FJournal = {{Journal of the Mathematical Society of Japan}},
 Journal = {{J. Math. Soc. Japan}},
 ISSN = {0025-5645; 1881-1167; 1881-2333/e},
 Volume = {11},
 Pages = {291--311},
 Year = {1959},
 Publisher = {Mathematical Society of Japan, Tokyo},
 Language = {French},
 MSC2010 = {11F55},
 Zbl = {0090.05503}
}

@Article{MatsushimaShimura,
 Author = {Matsuhima, Yozo and Shimura, Goro},
 Title = {On the Cohomology Groups Attached to Certain Vector-valued Differential Forms on the Product of the Upper Half Planes},
 FJournal = {{Annals of Mathematics. Second Series}},
 Journal = {{Ann. Math. (2)}},
 ISSN = {0003-486X; 1939-8980/e},
 Volume = {78},
 Pages = {417--449},
 Year = {1963},
 Publisher = {Princeton University, Mathematics Department, Princeton, NJ},
 Language = {English},
 Zbl = {0141.38704}
}

@Article{ShimuraDirichletSeriesAbelianVarieties,
 Author = {Shimura, Goro},
 Title = {On Dirichlet Series and Abelian Varieties Attached to Automorphic Forms},
 FJournal = {{Annals of Mathematics. Second Series}},
 Journal = {{Ann. Math. (2)}},
 ISSN = {0003-486X; 1939-8980/e},
 Volume = {76},
 Pages = {237--294},
 Year = {1962},
 Publisher = {Princeton University, Mathematics Department, Princeton, NJ},
 Language = {English},
 Zbl = {0142.05501}
}

@Misc{CasselsFrohlichANT,
 Editor = {Cassels, J. W. S. and Fr\"ohlich, A.},
 Title = {Algebraic Number Theory},
 Year = {1967},
 Language = {English},
 HowPublished = {{Proceedings of an instructional conference organized by the London Mathematical Society (a NATO Advanced Study Institute) with the support of the International Mathematical Union. London and New York: Academic Press 1967. xviii, 366 p. 100 s. (1967).}},
 MSC2010 = {11-06 00B25 11R37 11Rxx 11Sxx 11S31 11S80 11R42 11S40},
 Zbl = {0153.07403}
}

@Book{Deuring,
 Author = {Deuring, M.},
 Title = {Algebren. 2., korrig. Aufl},
 FJournal = {{Ergebnisse der Mathematik und ihrer Grenzgebiete}},
 Journal = {{Ergeb. Math. Grenzgeb.}},
 Volume = {41},
 Year = {1968},
 Publisher = {Springer-Verlag, Berlin},
 Language = {German},
 Zbl = {0159.04201}
}

@Article{Kaplansky,
 Author = {Kaplansky, Irving},
 Title = {Submodules of Quaternion Algebras},
 FJournal = {{Proceedings of the London Mathematical Society. Third Series}},
 Journal = {{Proc. Lond. Math. Soc. (3)}},
 ISSN = {0024-6115; 1460-244X/e},
 Volume = {19},
 Pages = {219--232},
 Year = {1969},
 Publisher = {John Wiley \& Sons, Chichester; London Mathematical Society, London},
 Language = {English},
 MSC2010 = {11E20 11R52 16K20},
 Zbl = {0212.39102}
}

@Article{MiyakeOnAutomorphicFormsOnGL,
 Author = {Miyake, Toshitsune},
 Title = {On Automorphic Forms on \(GL_ 2\) and Hecke Operators},
 FJournal = {{Annals of Mathematics. Second Series}},
 Journal = {{Ann. Math. (2)}},
 ISSN = {0003-486X; 1939-8980/e},
 Volume = {94},
 Pages = {174--189},
 Year = {1971},
 Publisher = {Princeton University, Mathematics Department, Princeton, NJ},
 Language = {English},
 MSC2010 = {14C35 20G05 11F25 11F12},
 Zbl = {0215.37301}
}

@Book{WeilDirichlet,
 Author = {Weil, Andr\'e},
 Title = {Dirichlet Series and Automorphic Forms},
 FJournal = {{Lecture Notes in Mathematics}},
 Journal = {{Lect. Notes Math.}},
 ISSN = {0075-8434; 1617-9692/e},
 Volume = {189},
 Year = {1971},
 Publisher = {Springer, Cham},
 Language = {English},
 MSC2010 = {11F66 11-02 11F25 11F60 14G10},
 Zbl = {0218.10046}
}

@Misc{ShimuraIntroduction,
 Author = {Shimura, Goro},
 Title = {Introduction to the Arithmetic Theory of Automorphic Functions},
 Year = {1971},
 Language = {English},
 HowPublished = {{Publications of the Mathematical Society of Japan. 11. Princeton, NJ: Iwanami Shoten, Publishers and Princeton University Press 1971. XIII, 267 p. \$ 10.00. (1971).}},
 MSC2010 = {11-02 11G15 11G05 11Fxx},
 Zbl = {0221.10029}
}

@Book{JacquetLanglands,
 Author = {Jacquet, Herv\'e and Langlands, R. P.},
 Title = {Automorphic Forms on \(GL (2)\)},
 FJournal = {{Lecture Notes in Mathematics}},
 Journal = {{Lect. Notes Math.}},
 ISSN = {0075-8434; 1617-9692/e},
 Volume = {114},
 Year = {1970},
 Publisher = {Springer, Cham},
 Language = {English},
 MSC2010 = {11R52 11F03},
 Zbl = {0236.12010}
}

@Misc{EichlerBasisProblem,
 Author = {Eichler, Martin},
 Title = {The Basis Problem for Modular Forms and the Traces of the Hecke Operators},
 Year = {1973},
 Language = {English},
 HowPublished = {{Modular Functions of One Variable I, Proc. internat. Summer School, Univ. Antwerp 1972, Lect. Notes Math. 320, 75-151 (1973).}},
 MSC2010 = {11F11 11F25},
 Zbl = {0258.10013}
}

@Book{WeilBasic,
 Author = {Weil, Andr\'e},
 Title = {Basic Number Theory},
 FJournal = {{Grundlehren der Mathematischen Wissenschaften}},
 Journal = {{Grundlehren Math. Wiss.}},
 Edition = {3rd. ed.},
 ISSN = {0072-7830; 2196-9701/e},
 Volume = {144},
 Year = {1974},
 Publisher = {Springer, Berlin},
 Language = {English},
 MSC2010 = {11Rxx 11Sxx 11-01},
 Zbl = {0326.12001}
}

@Book{GelbartAutomorphicOnAdeles,
 Author = {Gelbart, Stephen S.},
 Title = {Automorphic Forms on Adele Groups},
 FJournal = {{Annals of Mathematics Studies}},
 Journal = {{Ann. Math. Stud.}},
 Volume = {83},
 Year = {1975},
 Publisher = {Princeton University Press, Princeton, NJ},
 Language = {English},
 MSC2010 = {11F27 11-02 11F12 20G05 22E50 11R37 22E55},
 Zbl = {0329.10018}
}

@Article{PizerArithmeticII,
 Author = {Pizer, Arnold},
 Title = {On the Arithmetic of Quaternion Algebras. II},
 FJournal = {{Journal of the Mathematical Society of Japan}},
 Journal = {{J. Math. Soc. Japan}},
 ISSN = {0025-5645; 1881-1167; 1881-2333/e},
 Volume = {28},
 Pages = {676--688},
 Year = {1976},
 Publisher = {Mathematical Society of Japan, Tokyo},
 Language = {English},
 MSC2010 = {11R52 11F12 16H05 16Kxx 11S45},
 Zbl = {0344.12005}
}

@Article{PizerArithmeticI,
 Author = {Pizer, Arnold},
 Title = {On the Arithmetic of Quaternion Algebras},
 FJournal = {{Acta Arithmetica}},
 Journal = {{Acta Arith.}},
 ISSN = {0065-1036; 1730-6264/e},
 Volume = {31},
 Pages = {61--89},
 Year = {1976},
 Publisher = {Polish Academy of Sciences (Polska Akademia Nauk - PAN), Institute of Mathematics (Instytut Matematyczny), Warsaw},
 Language = {English},
 MSC2010 = {11R52 11R23},
 Zbl = {0348.12018}
}

@Book{SerreScott,
 Author = {Serre, Jean-Pierre},
 Title = {Linear Representations of Finite Groups},
 translator = {Scott, Leonard L.},
 FJournal = {{Graduate Texts in Mathematics}},
 Journal = {{Grad. Texts Math.}},
 ISSN = {0072-5285; 2197-5612/e},
 Volume = {42},
 Year = {1977},
 Publisher = {Springer, New York, NY},
 Language = {English},
 MSC2010 = {20Cxx 20Dxx 11S20 16D40 16E20},
 Zbl = {0355.20006}
}

@Article{ShimuraSpecialValuesOfZeta,
 Author = {Shimura, Goro},
 Title = {The Special Values of the Zeta Functions Associated with Hilbert Modular Forms},
 FJournal = {{Duke Mathematical Journal}},
 Journal = {{Duke Math. J.}},
 ISSN = {0012-7094; 1547-7398/e},
 Volume = {45},
 Pages = {637--679},
 Year = {1978},
 Publisher = {Duke University Press, Durham, NC; University of North Carolina, Chapel Hill, NC},
 Language = {English},
 MSC2010 = {11F67 11F41},
 Zbl = {0394.10015}
}

@Misc{GelbartJacquet,
 Author = {Gelbart, Stephen S. and Jacquet, Herv\'e},
 Title = {Forms of \(GL(2)\) from the Analytic Point of View},
 Year = {1979},
 Language = {English},
 HowPublished = {{Automorphic Forms, Representations and \(L\)-functions, Proc. Symp. Pure Math. Am. Math. Soc., Corvallis/Oregon 1977, Proc. Symp. Pure Math. 33, 1, 213-251 (1979).}},
 MSC2010 = {22E55 11F99},
 Zbl = {0409.22013}
}

@Misc{BorelJacquet,
 Author = {Borel, Armand and Jacquet, Herv\'e},
 Title = {Automorphic Forms and Automorphic Representations},
 Year = {1979},
 Language = {English},
 HowPublished = {{Automorphic forms, representations and L-functions, Proc. Symp. Pure Math. Am. Math. Soc., Corvallis/Oregon 1977, Proc. Symp. Pure Math. 33, 1, 189-202 (1979).}},
 MSC2010 = {22E55 20G35 11F27},
 Zbl = {0414.22020}
}

@Book{Vigneras,
 Author = {Vign\'eras, Marie-France},
 Title = {{Arithm\'etique des alg\`ebres de quaternions}},
 FJournal = {{Lecture Notes in Mathematics}},
 Journal = {{Lect. Notes Math.}},
 ISSN = {0075-8434; 1617-9692/e},
 Volume = {800},
 Year = {1980},
 Publisher = {Springer, Cham},
 Language = {French},
 MSC2010 = {11R52 11S45 12-02 11F06},
 Zbl = {0422.12008}
}

@Article{PizerAlgo,
 Author = {Pizer, Arnold},
 Title = {An Algorithm for Computing Modular Forms on \(\Gamma_0(N)\)},
 FJournal = {{Journal of Algebra}},
 Journal = {{J. Algebra}},
 ISSN = {0021-8693},
 Volume = {64},
 Pages = {340--390},
 Year = {1980},
 Publisher = {Elsevier (Academic Press), San Diego, CA},
 Language = {English},
 MSC2010 = {11F11 11R52},
 Zbl = {0433.10012}
}

@Article{DembeleExplicitOnQQsqrt5,
 Author = {Demb\'el\'e, Lassina},
 Title = {Explicit Computations of Hilbert Modular Forms on \(\mathbb Q(\sqrt{5})\)},
 FJournal = {{Experimental Mathematics}},
 Journal = {{Exp. Math.}},
 ISSN = {1058-6458; 1944-950X/e},
 Volume = {14},
 Number = {4},
 Pages = {457--466},
 Year = {2005},
 Publisher = {Taylor \& Francis, Philadelphia, PA},
 Language = {English},
 MSC2010 = {11F41 11Y16},
 Zbl = {1152.11328}
}

@Book{HidaIwasawa,
 Author = {Hida, Haruzo},
 Title = {Hilbert Modular Forms and Iwasawa Theory},
 FJournal = {{Oxford Mathematical Monographs}},
 Journal = {{Oxford Math. Monogr.}},
 ISBN = {0-19-857102-X/hbk},
 Pages = {xiv + 402},
 Year = {2006},
 Publisher = {Oxford: Clarendon Press},
 Language = {English},
 MSC2010 = {11F41 11R23 11-02 11F80 11G18 14G35},
 Zbl = {1122.11030}
}

@Book{SteinExplicitly,
 Author = {Stein, William},
 Title = {Modular Forms, a Computational Approach. {With} an Appendix by Paul E. Gunnells},
 FJournal = {{Graduate Studies in Mathematics}},
 Journal = {{Grad. Stud. Math.}},
 ISSN = {1065-7338},
 Volume = {79},
 ISBN = {0-8218-3960-8/hbk},
 Pages = {xv + 268},
 Year = {2007},
 Publisher = {Providence, RI: American Mathematical Society (AMS)},
 Language = {English},
 MSC2010 = {11F11 11-02 11Y16 11F67 11F55 11F75},
 Zbl = {1110.11015}
}

@Article{DembeleManinSymbols,
 Author = {Demb\'el\'e, Lassina},
 Title = {Quaternionic Manin Symbols, Brandt Matrices, and Hilbert Modular Forms},
 FJournal = {{Mathematics of Computation}},
 Journal = {{Math. Comput.}},
 ISSN = {0025-5718; 1088-6842/e},
 Volume = {76},
 Number = {258},
 Pages = {1039--1057},
 Year = {2007},
 Publisher = {American Mathematical Society (AMS), Providence, RI},
 Language = {English},
 MSC2010 = {11F41 11F67 11Y16},
 Zbl = {1158.11023}
}

@InCollection{DembeleDonnellyNontrivial,
 Author = {Demb\'el\'e, Lassina and Donnelly, Steve},
 Title = {Computing Hilbert Modular Forms over Fields with Nontrivial Class Group},
 BookTitle = {{Algorithmic Number Theory. 8th International Symposium, ANTS-VIII Banff, Canada, May 17--22, 2008 Proceedings}},
 ISBN = {978-3-540-79455-4/pbk},
 Pages = {371--386},
 Year = {2008},
 Publisher = {Berlin: Springer},
 Language = {English},
 MSC2010 = {11Y40 11F41 68W40},
 Zbl = {1232.11128}
}

@Article{VoightFuchsian,
 Author = {Voight, John},
 Title = {Computing Fundamental Domains for Fuchsian Groups},
 FJournal = {{Journal de Th\'eorie des Nombres de Bordeaux}},
 Journal = {{J. Th\'eor. Nombres Bordx.}},
 ISSN = {1246-7405; 2118-8572/e},
 Volume = {21},
 Number = {2},
 Pages = {469--491},
 Year = {2009},
 Publisher = {Universit\'e Bordeaux 1, Institut de Math\'ematiques de Bordeaux, Talence},
 Language = {English},
 MSC2010 = {11F06 20H10 11Y35},
 Zbl = {1222.11057}
}

@InCollection{VoightComputingOverArbitrary,
 Author = {Voight, John},
 Title = {Computing Automorphic Forms on Shimura Curves over Fields with Arbitrary Class Number},
 BookTitle = {Algorithmic Number Theory. 9th International Symposium, ANTS-IX, Nancy, France, July 19--23, 2010. Proceedings}},
 ISBN = {978-3-642-14517-9/pbk},
 Pages = {357--371},
 Year = {2010},
 Publisher = {Berlin: Springer},
 Language = {English},
 MSC2010 = {11F41 11G18},
 Zbl = {1260.11035}
}

@InCollection{BruinierFormsAndApplications,
 Author = {Bruinier, Jan Hendrik},
 Title = {Hilbert Modular Forms and Their Applications},
 BookTitle = {{The 1-2-3 of Modular Forms. Lectures at a Summer School in Nordfjordeid, Norway, June 2004}},
 ISBN = {978-3-540-74117-6/pbk},
 Pages = {105--179},
 Year = {2008},
 Publisher = {Berlin: Springer},
 Language = {English},
 MSC2010 = {11F41 11-02 11F32},
 Zbl = {1259.11050}
}

@Article{KirschmerVoight,
 Author = {Kirschmer, Markus and Voight, John},
 Title = {Algorithmic Enumeration of Ideal Classes for Quaternion Orders},
 FJournal = {{SIAM Journal on Computing}},
 Journal = {{SIAM J. Comput.}},
 ISSN = {0097-5397; 1095-7111/e},
 Volume = {39},
 Number = {5},
 Pages = {1714--1747},
 Year = {2010},
 Publisher = {Society for Industrial and Applied Mathematics (SIAM), Philadelphia, PA},
 Language = {English},
 MSC2010 = {11R52 11S45 11R29},
 Zbl = {1208.11125}
}

@Article{GreenbergVoight,
 Author = {Greenberg, Matthew and Voight, John},
 Title = {Computing Systems of Hecke Eigenvalues Associated to Hilbert Modular Forms},
 FJournal = {{Mathematics of Computation}},
 Journal = {{Math. Comput.}},
 ISSN = {0025-5718; 1088-6842/e},
 Volume = {80},
 Number = {274},
 Pages = {1071--1092},
 Year = {2011},
 Publisher = {American Mathematical Society (AMS), Providence, RI},
 Language = {English},
 MSC2010 = {11F46 11G18 11F67 11Y40},
 Zbl = {1233.11050}
}

@Article{DembeleGreenbergVoightNonsolvable,
 Author = {Demb\'el\'e, Lassina and Greenberg, Matthew and Voight, John},
 Title = {Nonsolvable Number Fields Ramified Only at 3 and 5},
 FJournal = {{Compositio Mathematica}},
 Journal = {{Compos. Math.}},
 ISSN = {0010-437X; 1570-5846/e},
 Volume = {147},
 Number = {3},
 Pages = {716--734},
 Year = {2011},
 Publisher = {Cambridge University Press, Cambridge; London Mathematical Society, London},
 Language = {English},
 MSC2010 = {11R32 11F41 11G18 11F80},
 Zbl = {1269.11112}
}

@Book{Etingof,
 Author = {Etingof, Pavel and Golberg, Oleg and Hensel, Sebastian and Liu, Tiankai and Schwendner, Alex and Vaintrob, Dmitry and Yudovina, Elena},
 Title = {Introduction to Representation Theory. {With} Historical Interludes By Slava Gerovitch},
 FJournal = {{Student Mathematical Library}},
 Journal = {{Stud. Math. Libr.}},
 ISSN = {1520-9121; 2376-9173/e},
 Volume = {59},
 ISBN = {978-0-8218-5351-1/pbk},
 Pages = {vii + 228},
 Year = {2011},
 Publisher = {Providence, RI: American Mathematical Society (AMS)},
 Language = {English},
 MSC2010 = {20-01 16-01 17-01 00-01 20C15 16G20 17B10 20G05},
 Zbl = {1242.20001}
}

@InCollection{VoightIdentifying,
 Author = {Voight, John},
 Title = {Identifying the Matrix Ring: {Algorithms} for Quaternion Algebras and Quadratic Forms},
 BookTitle = {{Quadratic and Higher Degree Forms}},
 ISBN = {978-1-4614-7487-6/hbk; 978-1-4614-7488-3/ebook},
 Pages = {255--298},
 Year = {2013},
 Publisher = {New York, NY: Springer},
 Language = {English},
 MSC2010 = {11R52 11E12},
 Zbl = {1282.11152}
}

@Article{PacettiSirolliComputingRepresentatives,
 Author = {Pacetti, Ariel and Sirolli, Nocol\'as},
 Title = {Computing Ideal Classes Representatives in Quaternion Algebras},
 FJournal = {{Mathematics of Computation}},
 Journal = {{Math. Comput.}},
 ISSN = {0025-5718; 1088-6842/e},
 Volume = {83},
 Number = {289},
 Pages = {2479--2507},
 Year = {2014},
 Publisher = {American Mathematical Society (AMS), Providence, RI},
 Language = {English},
 MSC2010 = {11R52},
 Zbl = {1300.11117}
}

@InCollection{GreenbergVoightLattice,
 Author = {Greenberg, Matthew and Voight, John},
 Title = {Lattice Methods for Algebraic Modular Forms on Classical Groups},
 BookTitle = {{Computations with Modular Forms. Proceedings of a Summer School and Conference, Heidelberg, Germany, August--September 2011}},
 ISBN = {978-3-319-03846-9/hbk; 978-3-319-03847-6/ebook},
 Pages = {147--179},
 Year = {2014},
 Publisher = {Cham: Springer},
 Language = {English},
 MSC2010 = {11F12 11E12 11H56},
 Zbl = {1375.11043}
}

@InCollection{DembeleVoight,
 Author = {Demb\'el\'e, Lassina and Voight, John},
 Title = {Explicit Methods for Hilbert Modular Forms},
 BookTitle = {Elliptic Curves, Hilbert Modular Forms and Galois Deformations},
 ISBN = {978-3-0348-0617-6/pbk; 978-3-0348-0618-3/ebook},
 Pages = {135--198},
 Year = {2013},
 Publisher = {Basel: Birkh\"auser/Springer},
 Language = {English},
 MSC2010 = {11F41},
 Zbl = {1326.11018}
}

@misc{donnelly2016database,
      title={A Database of Hilbert Modular Forms}, 
      author={Donnelly, Steve and Voight, John},
      year={2016},
      eprint={1605.02637},
      archivePrefix={arXiv},
      primaryClass={math.NT}
}

@misc{milneANT,
	author={Milne, James S.},
	title={Algebraic Number Theory (v3.08)},
	year={2020},
	note={Available at www.jmilne.org/math/},
	pages={166}
}

@Article{DembeleLoefflerPacettiNonparitious,
 Author = {Lassina {Demb\'el\'e} and David {Loeffler} and Ariel {Pacetti}},
 Title = {{Non-paritious Hilbert modular forms}},
 FJournal = {{Mathematische Zeitschrift}},
 Journal = {{Math. Z.}},
 ISSN = {0025-5874; 1432-1823/e},
 Volume = {292},
 Number = {1-2},
 Pages = {361--385},
 Year = {2019},
 Publisher = {Springer, Berlin/Heidelberg},
 Language = {English},
 MSC2010 = {11F41 11F80},
 Zbl = {1446.11084}
}

@Misc{HarrisAGrA,
 Author = {Harris, Michael},
 Title = {Curvas de Shimura},
 Year = {2015},
 Language = {Spanish},
 HowPublished = {Notas de un curso dictado en el marco de la escuela ICTP/CIMPA
	 \emph{AGrA II: Aritm\'{e}tica, Grupos y An\'{a}lisis},
	 Universidad Nacional de San Antonio Abad del Cusco (2015)}
}
